@ARTICLE{MS07SC,
  author = {Matveev, Alexey S. and Savkin, Andrey V.},
  title = {An Analogue of Shannon Information Theory for Detection and Stabilization via Noisy Discrete Communication Channels},
  journal = {SIAM Journal on Control and Optimization},
  volume = {46},
  number = {4},
  pages = {1323-1367},
  year = {2007},
}

@ARTICLE{MS07,
  author = {Matveev, A. and Savkin, Andrey},
  year = {2007},
  month = {02},
  pages = {241-255},
  title = {Shannon zero error capacity in the problems of state estimation and stabilization via noisy communication channels},
  volume = {80},
  journal = {International Journal of Control - INT J CONTR},
}

@ARTICLE{S06,
  title = {Analysis and synthesis of networked control systems: Topological entropy, observability, robustness and optimal control},
  journal =  {Automatica},
  volume =  {42},
  number = {1},
  pages = {51 - 62},
  year = {2006},
  author = {Andrey V. Savkin},
}

@ARTICLE{SP03,
  author={A. V. {Savkin} and I. R. {Petersen}},
  journal={IEEE Transactions on Automatic Control}, 
  title={Set-valued state estimation via a limited capacity communication channel}, 
  year={2003},
  volume={48},
  number={4},
  pages={676-680},
}

@ARTICLE{BoBoDe21TAC,
  title = {On the Semi-Decidability of the Remote State Estimation Problem},
  author = {H. {Boche} and Y. {B\"ock} and C. {Deppe}},
  year = {2021, under review},
  journal = {IEEE Transactions on Automatic Control}
}

@article{FeBo21 ,
	author = {Fettweis, G.P. and Boche, H.},
	title = {6G: The Personal Tactile Internet - And Open Questions for Information Theory},
	journal = {IEEE BITS the Information Theory Magazine},
	year = {2021},
	month = {Oct},
	number = {Early Access},
	doi = {10.1109/MBITS.2021.3118662},
	language = {en},
}

@ARTICLE{RaSaKv20,
  author={Rasheed, Adil and San, Omer and Kvamsdal, Trond},
  journal={IEEE Access}, 
  title={Digital Twin: Values, Challenges and Enablers From a Modeling Perspective}, 
  year={2020},
  volume={8},
  number={},
  pages={21980-22012},
  doi={10.1109/ACCESS.2020.2970143}
}

@ARTICLE{TaZhLiNe19,
  author={Tao, Fei and Zhang, He and Liu, Ang and Nee, A. Y. C.},
  journal={IEEE Transactions on Industrial Informatics}, 
  title={Digital Twin in Industry: State-of-the-Art}, 
  year={2019},
  volume={15},
  number={4},
  pages={2405-2415},
  doi={10.1109/TII.2018.2873186}
}

@article{BoBoDe21X,
	author = {Boche, H. and B\"ock, Y. and Deppe, C.},
	title = {On the Semi-Decidability of Remote State Estimation and Stabilization via Noisy Communication Channels},
	journal = {arXiv:2103.14477},
	year = {2021},
}

@ARTICLE{Sh56,
  author={C. {Shannon}},
  journal={IRE Transactions on Information Theory}, 
  title={The zero error capacity of a noisy channel}, 
  year={1956},
  volume={2},
  number={3},
  pages={8-19},
}

@article{T36,
	publisher = {Association for Symbolic Logic},
	journal = {Proceedings of the London Mathematical Society},
	year = {1936},
	volume = {42},
	pages = {230--265},
	author = {Alan Turing},
	number = {1},
	title = {On Computable Numbers, with an Application to the Entscheidungsproblem}
}

@Article{T36b,
  author    = {Alan Mathison Turing},
  title     = {On computable numbers, with an application to the {Entscheidungsproblem}. {A} correction},
  journal   = {Proceedings of the London Mathematical Society},
  year      = {1937},
  volume    = {s2-43},
  number    = {1},
  pages     = {544--546},
  month     = jan,
  category  = {computability},
  publisher = {Wiley Online Library},
}

@article{Kl36,
    author = {Kleene, S. C.},
    title = {General Recursive Functions of Natural Numbers},
    journal = {Mathematische Annalen},
    volume = {112},
    number = {1},
    pages = {727–742},
    year = {1936},
    doi = {10.1007/BF01565439},
    URL = {https://doi.org/10.1007/BF01565439}
}
@article{Tu37, 
    title={Computability and \(\lambda\)-definability}, 
    volume={2}, 
    DOI={10.2307/2268280}, 
    number={4}, 
    journal={Journal of Symbolic Logic}, 
    publisher={Cambridge University Press}, 
    author={Turing, A. M.}, 
    year={1937}, 
    pages={153–163}
}

@article{AB14,
   title={Computability and analysis: the legacy of Alan Turing},
   ISBN={9781107338579},
   url={http://dx.doi.org/10.1017/CBO9781107338579.002},
   DOI={10.1017/cbo9781107338579.002},
   journal={Turing’s Legacy},
   publisher={Cambridge University Press},
   author={Avigad, Jeremy and Brattka, Vasco},
   editor={Downey, RodEditor},
   pages={1–47},
   year = "2014",
}



@book{PoRi17, 
place={Cambridge}, 
series={Perspectives in Logic}, 
title={Computability in Analysis and Physics}, 
publisher={Cambridge University Press}, 
author={Pour-El, Marian B. and Richards, J. Ian}, 
year={2017}, 
collection={Perspectives in Logic}
}

@ARTICLE{Bl04,
  author={L. {Blum}},
  journal={Notices of the American Mathematical Society}, 
  title={Computing over the Reals: Where Turing Meets Newton}, 
  year={2004},
  volume={51},
  number={9},
  pages={1024--1034},
}

@ARTICLE{BD20Z,
  title={Computability of the Zero-Error Capacity of Noisy Channels}, 
  author={Holger Boche and Christian Deppe},
  year={2020},
  eprint={2010.06873},
  journal={arXiv:2010.06873},
  primaryClass={cs.IT}
}




















